<?xml version="1.0" encoding="UTF-8"?><collection xmlns="http://www.loc.gov/MARC21/slim"><record><leader>00364nam--2200121-i-4500</leader><controlfield tag="001">000026221</controlfield><controlfield tag="002">20161230</controlfield><controlfield tag="005">20161230201036</controlfield><controlfield tag="008">060222s1000------------r-----000-0-eng-d</controlfield><datafield ind1=" " ind2=" " tag="245"><subfield code="a">International series of monographs in natural phylosophy. vol. 27. introduction to quantum electronics</subfield></datafield><datafield ind1=" " ind2=" " tag="260"><subfield code="a">Oxford, Pergamon Press, 1970</subfield></datafield><datafield ind1=" " ind2=" " tag="700"><subfield code="a">Haar, D. Ter</subfield></datafield><datafield ind1=" " ind2=" " tag="852"><subfield code="a">34338</subfield></datafield></record></collection>